@book{scheduling,
	title =     {Scheduling Algorithms},
	author =    {Peter Brucker},
	publisher = {Springer},
	isbn =      {354069515X; 9783540695158; 9783540695165; 3540695168},
	year =      {2007},
	edition =   {5th ed},
	url =       {libgen.li/file.php?md5=f1cc566c4ea64bb4738b587e0c1c981f}}
	}

